@misc{web,
  title = {Regular Expression Matching Can Be Simple And Fast (but is slow in Java, Perl, PHP, Python, Ruby, ...)},
  howpublished = {\url{https://swtch.com/~rsc/regexp/regexp1.html}},
  author = {Russ Cox},
  year = {2007}
}

@book{book_marcelo,
  title = {Lecture Notes on Regular Languages and Finite Automata},
  author = {Marcelo Fiore},
  year = {2010},
  publisher = {Accessible at \url{https://www.cl.cam.ac.uk/teaching/1011/RLFA/LectureNotes.pdf}}
}

@article{liuWang2013:agentTypesHLPE,
  title={Reasoning about agent types and the hardest logic puzzle ever},
  author={Liu, Fenrong and Wang, Yanjing},
  journal={Minds and Machines},
  volume={23},
  number={1},
  pages={123--161},
  publisher={Springer},
  year = 2013,
  doi = {10.1007/s11023-012-9287-x},
  url = {http://dx.doi.org/10.1007/s11023-012-9287-x},
}

@book{Knuth11CombAlg,
  author = "Knuth, Donald E.",
  publisher = "Addison-Wesley Professional",
  title = "{The Art of Computer Programming. Combinatorial Algorithms, Part 1}",
  volume = "4A",
  year = 2011
}
